@ARTICLE{Grav+2011,
       author = {{Grav}, Tommy and {Jedicke}, Robert and {Denneau}, Larry and {Chesley}, Steve and {Holman}, Matthew J. and {Spahr}, Timothy B.},
        title = "{The Pan-STARRS Synthetic Solar System Model: A Tool for Testing and Efficiency Determination of the Moving Object Processing System}",
      journal = {\pasp},
         year = 2011,
        month = apr,
       volume = {123},
       number = {902},
        pages = {423},
          doi = {10.1086/659833},
       adsurl = {https://ui.adsabs.harvard.edu/abs/2011PASP..123..423G},
      adsnote = {Provided by the SAO/NASA Astrophysics Data System}
}

@ARTICLE{Keys+2019,
       author = {{Keys}, Sonia and {Vere{\v{s}}}, Peter and {Payne}, Matthew J. and {Holman}, Matthew J. and {Jedicke}, Robert and et al.},
        title = "{The digest2 NEO Classification Code}",
      journal = {\pasp},
     keywords = {Astrophysics - Earth and Planetary Astrophysics},
         year = 2019,
        month = jun,
       volume = {131},
       number = {1000},
        pages = {064501},
          doi = {10.1088/1538-3873/ab1157},
archivePrefix = {arXiv},
       eprint = {1904.09188},
 primaryClass = {astro-ph.EP},
       adsurl = {https://ui.adsabs.harvard.edu/abs/2019PASP..131f4501K},
      adsnote = {Provided by the SAO/NASA Astrophysics Data System}
}

@ARTICLE{Ivezic+2019,
       author = {{Ivezi{\'c}}, {\v{Z}}eljko and {Kahn}, Steven M. and {Tyson}, J. Anthony and {Abel}, Bob and {Acosta}, Emily and et al.},
        title = "{LSST: From Science Drivers to Reference Design and Anticipated Data Products}",
      journal = {\apj},
     keywords = {astrometry, cosmology: observations, Galaxy: general, methods: observational, stars: general, surveys, Astrophysics},
         year = 2019,
        month = mar,
       volume = {873},
       number = {2},
          eid = {111},
        pages = {111},
          doi = {10.3847/1538-4357/ab042c},
archivePrefix = {arXiv},
       eprint = {0805.2366},
 primaryClass = {astro-ph},
       adsurl = {https://ui.adsabs.harvard.edu/abs/2019ApJ...873..111I},
      adsnote = {Provided by the SAO/NASA Astrophysics Data System}
}

@MISC{VanderPlas+2014,
       author = {{VanderPlas}, Jacob and {Fouesneau}, Morgan and {Taylor}, Julia},
        title = "{AstroML: Machine learning and data mining in astronomy}",
     keywords = {Software},
 howpublished = {Astrophysics Source Code Library, record ascl:1407.018},
         year = 2014,
        month = jul,
          eid = {ascl:1407.018},
        pages = {ascl:1407.018},
archivePrefix = {ascl},
       eprint = {1407.018},
       adsurl = {https://ui.adsabs.harvard.edu/abs/2014ascl.soft07018V},
      adsnote = {Provided by the SAO/NASA Astrophysics Data System}
}

@INPROCEEDINGS{VanderPlas+2012,
       author = {{VanderPlas}, J. and {Connolly}, A.~J. and {Ivezic}, Z. and {Gray}, A.},
        title = "{Introduction to astroML: Machine learning for astrophysics}",
     keywords = {Astrophysics - Instrumentation and Methods for Astrophysics},
    booktitle = {Proceedings of Conference on Intelligent Data Understanding (CIDU},
         year = 2012,
        month = oct,
        pages = {47-54},
          doi = {10.1109/CIDU.2012.6382200},
archivePrefix = {arXiv},
       eprint = {1411.5039},
 primaryClass = {astro-ph.IM},
       adsurl = {https://ui.adsabs.harvard.edu/abs/2012cidu.conf...47V},
      adsnote = {Provided by the SAO/NASA Astrophysics Data System}
}

@ARTICLE{Virtanen+2020,
       author = {{Virtanen}, Pauli and {Gommers}, Ralf and {Oliphant}, Travis E. and {Haberland}, Matt and {Reddy}, Tyler and et al.},
        title = "{SciPy 1.0: fundamental algorithms for scientific computing in Python}",
      journal = {Nature Methods},
     keywords = {Computer Science - Mathematical Software, Computer Science - Data Structures and Algorithms, Computer Science - Software Engineering, Physics - Computational Physics},
         year = 2020,
        month = feb,
       volume = {17},
        pages = {261-272},
          doi = {10.1038/s41592-019-0686-2},
archivePrefix = {arXiv},
       eprint = {1907.10121},
 primaryClass = {cs.MS},
       adsurl = {https://ui.adsabs.harvard.edu/abs/2020NatMe..17..261V},
      adsnote = {Provided by the SAO/NASA Astrophysics Data System}
}

@ARTICLE{Granvik+2009,
       author = {{Granvik}, M. and {Virtanen}, J. and {Oszkiewicz}, D. and {Muinonen}, K.},
        title = "{OpenOrb: Open-source asteroid orbit computation software including statistical ranging}",
      journal = {\maps},
     keywords = {Asteroid, Kuiper belt, Orbit(s), Transneptunian},
         year = 2009,
        month = jan,
       volume = {44},
       number = {12},
        pages = {1853-1861},
          doi = {10.1111/j.1945-5100.2009.tb01994.x},
       adsurl = {https://ui.adsabs.harvard.edu/abs/2009M&PS...44.1853G},
      adsnote = {Provided by the SAO/NASA Astrophysics Data System}
}

